
@article{holl2017restoring,
  title={Restoring tropical forests from the bottom up},
  author={Holl, Karen D},
  journal={Science},
  volume={355},
  number={6324},
  pages={455--456},
  year={2017},
  publisher={American Association for the Advancement of Science}
}

@article{waltham2020decade,
  title={UN decade on ecosystem restoration 2021--2030â€”what chance for success in restoring coastal ecosystems?},
  author={Waltham, Nathan J and Elliott, Michael and Lee, Shing Yip and Lovelock, Catherine and Duarte, Carlos M and Buelow, Christina and Simenstad, Charles and Nagelkerken, Ivan and Claassens, Louw and Wen, Colin KC and others},
  journal={Frontiers in Marine Science},
  volume={7},
  pages={71},
  year={2020},
  publisher={Frontiers Media SA}
}

@Manual{R,
  title = {R: A Language and Environment for Statistical Computing},
  author = {R Core Team},
  organization = {R Foundation for Statistical Computing},
  address = {Vienna, Austria},
  year = {2020},
  url = {https://www.R-project.org/},
}

@article{chavez2017npphen,
  title={npphen. Vegetation Phenological Cycle and Anomaly Detection using Remote Sensing Data},
  author={Ch{\'a}vez, RO and Estay, SA and Riquelme, G},
  journal={UACH, PUCV, Chile},
  year={2017}
}

@article{hesselbarth2019landscapemetrics,
  title={landscapemetrics: an open-source R tool to calculate landscape metrics},
  author={Hesselbarth, Maximilian HK and Sciaini, Marco and With, Kimberly A and Wiegand, Kerstin and Nowosad, Jakub},
  journal={Ecography},
  volume={42},
  number={10},
  pages={1648--1657},
  year={2019},
  publisher={Wiley Online Library}
}